@book{hott,
  title={The Homotopy Type Theory Book},
  year={2013},
  url = {https://hott.github.io/book/hott-online-1404-g79e6d60.pdf}
}

